@patent{Antti2024,
  title       = {Spatial Audio Reproduction Based on Head-to-Torso Orientation},
  number      = {20240357308},
  nationality = {United States},
  publisher   = {Apple Inc.},
  author      = {
                 Antti J. Vanne and
                 Darius A. Satongar and
                 James W. Vandyke and 
                 Juha O. Merimaa and
                 Martin E. Johnson and 
                 Tomi A. Huttunen},
  year        = {2024},
  month       = oct
} 

@misc{ApplePods,
  title     = {Airpods: Control Spatial Audio and head tracking},
  url       = {https://support.apple.com/guide/airpods/control-spatial-audio-and-head-tracking-dev00eb7e0a3/web},
  journal   = {Apple},
  publisher = {Apple, Inc.},
  author    = {Apple, Inc.},
  language  = {en}
} 

 @book{Brunelli2009-gh,
  title     = {Template matching techniques in computer vision},
  author    = {Brunelli, Roberto},
  publisher = {Wiley-Blackwell},
  month     = mar,
  year      = 2009,
  address   = {Hoboken, NJ},
  language  = {en}
}

@article{Brynjolfsson_McAfee_2017,
  title        = {The Business of Artificial Intelligence},
  issn         = {0017-8012},
  url          = {https://hbr.org/2017/07/the-business-of-artificial-intelligence},
  abstractnote = {What it can — and cannot — do for your organization},
  journal      = {Harvard Business Review},
  author       = {Brynjolfsson, Erik and McAfee, Andrew},
  year         = {2017},
  month        = jul
}

 @misc{Campbell_2025,
  title     = {Dell’s new 4K QD-OLED monitor comes with spatial audio},
  url       = {https://www.engadget.com/computing/accessories/dells-new-4k-qd-oled-monitor-comes-with-spatial-audio-194551957.html},
  journal   = {Engadget},
  publisher = {Yahoo},
  author    = {Campbell, Ian},
  year      = {2025},
  month     = jan,
  language  = {en-US}
}

 @misc{Costikyan_2000,
  title     = {New Front in the Copyright Wars: Out-of-Print Computer Games},
  url       = {https://archive.nytimes.com/www.nytimes.com/library/tech/00/05/circuits/articles/18aban.html},
  journal   = {The New York Times},
  publisher = {The New York Times},
  author    = {Costikyan, Greg},
  year      = {2000},
  month     = may
}


 @inproceedings{Harris,
  title     = {A Combined Corner and Edge Detector},
  author    = {Harris, C. and Stephens, M.},
  year      = {1988},
  pages     = {23.1-23.6},
  booktitle = {Proc. AVC},
  isbn      = {},
  note      = {doi:10.5244/C.2.23}
}

 @misc{Heikkilä_2022,
  title        = {Inside a radical new project to democratize AI},
  url          = {https://www.technologyreview.com/2022/07/12/1055817/inside-a-radical-new-project-to-democratize-ai/},
  abstractnote = {A group of over 1,000 AI researchers has created a multilingual large language model bigger than GPT-3—and they’re giving it out for free.},
  journal      = {MIT Technology Review},
  author       = {Heikkilä, Melissa },
  year         = {2022},
  month        = jul,
  language     = {en}
}


@article{Hildreth1980,
  title     = {Theory of Edge Detection},
  volume    = {207},
  author    = {D. Marr and E. Hildreth},
  issn      = {2053-9193},
  url       = {http://dx.doi.org/10.1098/rspb.1980.0020},
  doi       = {10.1098/rspb.1980.0020},
  number    = {1167},
  journal   = {Proceedings of the Royal Society of London. Series B. Biological Sciences},
  publisher = {The Royal Society},
  year      = {1980},
  month     = feb,
  pages     = {187–217}
}


@article{Knight_2023,
  title        = {Google’s Gemini Is the Real Start of the Generative AI Boom},
  issn         = {1059-1028},
  url          = {https://www.wired.com/story/google-gemini-generative-ai-boom/},
  abstractnote = {A new AI model from Google—called Gemini—is fresh competition for OpenAI’s ChatGPT. The AI rivals are now working on even more radical ideas.},
  journal      = {Wired},
  author       = {Knight, Will},
  year         = {2023},
  month        = dec,
  language     = {en-US}
}

@misc{Knoop_2021,
  title     = {Epic v Apple judge Grapples with the big question: What is a videogame?},
  url       = {https://www.pcgamer.com/videogame-definition-legal/},
  journal   = {PC Gamer},
  publisher = {Future PLC},
  author    = {Knoop, Joseph},
  year      = {2021},
  month     = {Sep}
}


@misc{Lewin_2023,
  title     = {87\% missing: The disappearance of classic video games},
  url       = {https://gamehistory.org/87percent/},
  journal   = {The Video Game History Foundation},
  publisher = {The Video Game History Foundation},
  author    = {Lewin, Kelsey},
  year      = {2023},
  month     = {Nov}
}

@misc{McCormack2024,
  title  = {leomccormack/Spatial\_Audio\_Framework},
  url    = {https://github.com/leomccormack/Spatial\_Audio\_Framework},
  author = {McCormack, Leo and Hold, Chris and McCrea, Mike and juhanipaasonen and Saue, Sigurd and jananifernandez and MarcoBin and nmkahlen and Lavallée, Marc and Daugintis, Rapolas and magnus-nomono and Strand, Liam and Hannink, Lennart  and exargon and Wakefield, Neil and Larkin, Oli and bijulette and Kjeldgaard, Mads},
  date   = {2024-06-06},
  year   = {2024},
  month  = {6},
  day    = {6}
}

 
@misc{Meredith_2023,
  title        = {A ‘thirsty’ generative AI boom poses a growing problem for Big Tech},
  url          = {https://www.cnbc.com/2023/12/06/water-why-a-thirsty-generative-ai-boom-poses-a-problem-for-big-tech.html},
  abstractnote = {A global rush for the next wave of generative artificial intelligence is increasing public scrutiny on Big Tech’s expanding water footprint.},
  journal      = {CNBC},
  author       = {Meredith, Sam},
  year         = {2023},
  month        = dec,
  language     = {en}
}


@article{opencv_library,
  author               = {Bradski, G.},
  citeulike-article-id = {2236121},
  journal              = {Dr. Dobb's Journal of Software Tools},
  keywords             = {bibtex-import},
  posted-at            = {2008-01-15 19:21:54},
  priority             = {4},
  title                = {{The OpenCV Library}},
  year                 = {2000}
}
 
  @misc{tensorflow2015-whitepaper,
  title  = { {TensorFlow}: Large-Scale Machine Learning on Heterogeneous Systems},
  url    = {https://www.tensorflow.org/},
  note   = {Software available from tensorflow.org},
  author = {
            Mart\'{i}n~Abadi and
            Ashish~Agarwal and
            Paul~Barham and
            Eugene~Brevdo and
            Zhifeng~Chen and
            Craig~Citro and
            Greg~S.~Corrado and
            Andy~Davis and
            Jeffrey~Dean and
            Matthieu~Devin and
            Sanjay~Ghemawat and
            Ian~Goodfellow and
            Andrew~Harp and
            Geoffrey~Irving and
            Michael~Isard and
            Yangqing Jia and
            Rafal~Jozefowicz and
            Lukasz~Kaiser and
            Manjunath~Kudlur and
            Josh~Levenberg and
            Dandelion~Man\'{e} and
            Rajat~Monga and
            Sherry~Moore and
            Derek~Murray and
            Chris~Olah and
            Mike~Schuster and
            Jonathon~Shlens and
            Benoit~Steiner and
            Ilya~Sutskever and
            Kunal~Talwar and
            Paul~Tucker and
            Vincent~Vanhoucke and
            Vijay~Vasudevan and
            Fernanda~Vi\'{e}gas and
            Oriol~Vinyals and
            Pete~Warden and
            Martin~Wattenberg and
            Martin~Wicke and
            Yuan~Yu and
            Xiaoqiang~Zheng},
  year   = {2015}
}


@misc{Valve,
  title     = {Steam Audio},
  url       = {https://valvesoftware.github.io/steam-audio/},
  journal   = {Steam Audio},
  publisher = {Valve Software},
  author    = {Valve Software}
}

 @misc{Wiggers_2022,
  title        = {Inside BigScience, the quest to build a powerful open language model},
  url          = {https://venturebeat.com/ai/inside-bigscience-the-quest-to-build-a-powerful-open-language-model/},
  abstractnote = {Hugging Face’s BigScience project is making progress toward developing an open, massive -- and highly capable -- natural language model.},
  journal      = {VentureBeat},
  author       = {Wiggers, Kyle},
  year         = {2022},
  month        = jan,
  language     = {en-US}
}


@book{QTProgramming,
author = {Blanchette, Jasmin and Summerfield, Mark},
title = {C++ GUI Programming with Qt 4},
year = {2008},
isbn = {0132354160},
publisher = {Prentice Hall PTR},
address = {USA},
edition = {2nd}
}

 @misc{QTSpatial, title={Qt Spatial Audio 6.8.1}, url={https://doc.qt.io/qt-6/qtspatialaudio-index.html}, abstractNote={The Qt Spatial Audio module provides APIs for modeling sound source and their surrounds in 3D space}, journal={QT Documentation}, publisher={QT Group}, author={The Qt Company} }
